<?xml version="1.0" encoding="UTF-8"?><collection xmlns="http://www.loc.gov/MARC21/slim"><record><leader>00384nam--2200121-i-4500</leader><controlfield tag="001">000036949</controlfield><controlfield tag="002">20161230</controlfield><controlfield tag="005">20161230201041</controlfield><controlfield tag="008">060222s1000------------r-----000-0-eng-d</controlfield><datafield ind1=" " ind2=" " tag="080"><subfield code="a">621.039.3:621.039.574(061.3)</subfield></datafield><datafield ind1=" " ind2=" " tag="245"><subfield code="a">Production and use of short-lived radioisotopes from reactors. proceedings of a seminar, vienna, 5-9 nov.1962. 272 p</subfield></datafield><datafield ind1=" " ind2=" " tag="490"><subfield code="a">Proceedings Series</subfield></datafield><datafield ind1=" " ind2=" " tag="852"><subfield code="a">18431</subfield></datafield></record></collection>